
@article{Ivezic08LSST,
   author = {{Ivezi{\'c}}, {\v{Z}}. and others},
    title = "{LSST: from Science Drivers to Reference Design and Anticipated Data Products}",
archivePrefix = "arXiv",
   eprint = {0805.2366},
 keywords = {Astrophysics},
     year = 2008,
    month = may,
   adsurl = {http://adsabs.harvard.edu/abs/2008arXiv0805.2366I},
  adsnote = {Provided by the SAO/NASA Astrophysics Data System}
}

